@misc{jonassangris,
  author = {Jonas Sangris},
  title = {{Q\&A with Retired Chief of Yellowknife Dene First Nation}},
  year = {2025},
  month = {2},
  day = {3},
  note = {Online via Class Zoom}
}


@book{lorecapturingtraditional,
	address = {Yellowknife, N.W.T},
	author = {{Dene Cultural Institute}},
  editor = {Johnson, Martha},
	publisher = {{International Development Research Centre}},
	title = {Lore: capturing traditional environmental knowledge},
	year = {1992}
}

@article{socialculturalcapital,
  author={Boyd,Amanda D. and Jardine,Cynthia G. and Furgal,Christopher M.},
  year={2010},
  title={A SOCIAL AND CULTURAL CAPITAL APPROACH TO UNDERSTANDING TRADITIONAL ACTIVITIES ON THE LAND IN TWO NORTHERN DENE COMMUNITIES},
  journal={The Canadian Journal of Native Studies},
  volume={30},
  number={2},
  pages={267-287},
  url={https://www.proquest.com/scholarly-journals/social-cultural-capital-approach-understanding/docview/1009080575/se-2}
}

@article{denefoodwaysontologies,
  author={David S. Walsh},
  year={2015},
  title={The Nature of Food: Indigenous Dene Foodways and Ontologies in the Era of Climate Change},
	journal = {Scripta Instituti Donneriani Aboensis},
	pages = {225-49},
	publisher = {Donner Institute},
	title = {The nature of food: indigenous Dene foodways and ontologies in the era of climate change},
	volume = {26},
}

% Aboriginal Food Security in Northern Canada: An Assessment of the State of Knowledge

@book{aboriginalfoodsecurity,
  author = {{Council of Canadian Academies}},
  title = {{Aboriginal Food Security in Northern Canada: An Assessment of the State of Knowledge}},
  year = {2014},
  url = {https://cca-reports.ca/reports/aboriginal-food-security-in-northern-canada-an-assessment-of-the-state-of-knowledge/}
}

@misc{statscanfoodinsecurity,
  url = {https://www150.statcan.gc.ca/n1/pub/75-006-x/2023001/article/00013-eng.htm},
  title = {{Food insecurity among Canadian families}},
  author = {{Statistics Canada}},
  year = {2023},
}

@mastersthesis{riskperceptions,
    author = {Amanda Degray},
    school = {Memorial University of Newfoundland},
    title = {{Indigenous Risk Perceptions and Land-Use in Yellowknife, NT}},
    year = {2020},
    doi = {10.48336/b3eb-9r88},
    publisher = {Memorial University Research Repository}
}